@inproceedings{vaswani2017attention,
  title={Attention is all you need},
  author={Vaswani, Ashish and Shazeer, Noam and Parmar, Niki and Uszkoreit, Jakob and Jones, Llion and Gomez, Aidan N and Kaiser, {\L}ukasz and Polosukhin, Illia},
  booktitle={Advances in neural information processing systems},
  pages={5998--6008},
  year={2017}
}

@inproceedings{huang2018music,
  title={Music transformer: Generating music with long-term structure},
  author={Huang, Cheng-Zhi Anna and Vaswani, Ashish and Uszkoreit, Jakob and Simon, Ian and Hawthorne, Curtis and Shazeer, Noam and Dai, Andrew M and Hoffman, Matthew D and Dinculescu, Monica and Eck, Douglas},
  booktitle={International Conference on Learning Representations},
  year={2018}
}

@article{wu2020jazz,
  title={The Jazz Transformer on the Front Line: Exploring the Shortcomings of AI-composed Music through Quantitative Measures},
  author={Wu, Shih-Lun and Yang, Yi-Hsuan},
  journal={arXiv preprint arXiv:2008.01307},
  year={2020}
}